<?xml version="1.0" encoding="UTF-8"?><record xmlns="http://www.loc.gov/MARC21/slim" xmlns:cinclude="http://apache.org/cocoon/include/1.0" xmlns:zs="http://www.loc.gov/zing/srw/">
  <leader>00538nz  a2200157n  4500</leader>
  <controlfield tag="001">n 2014189689</controlfield>
  <controlfield tag="003">DLC</controlfield>
  <controlfield tag="005">20141023044108.0</controlfield>
  <controlfield tag="008">141023n| azannaabn          |n aaa      </controlfield>
  <datafield tag="010" ind1=" " ind2=" ">
    <subfield code="a">n 2014189689</subfield>
  </datafield>
  <datafield tag="035" ind1=" " ind2=" ">
    <subfield code="a">(DNLM)1628288</subfield>
  </datafield>
  <datafield tag="040" ind1=" " ind2=" ">
    <subfield code="a">DNLM</subfield>
    <subfield code="b">eng</subfield>
    <subfield code="e">rda</subfield>
    <subfield code="c">DNLM</subfield>
  </datafield>
  <datafield tag="046" ind1=" " ind2=" ">
    <subfield code="f">1957</subfield>
  </datafield>
  <datafield tag="100" ind1="1" ind2=" ">
    <subfield code="a">Češka, Richard,</subfield>
    <subfield code="d">1957-</subfield>
  </datafield>
  <datafield tag="670" ind1=" " ind2=" ">
    <subfield code="a">National program of complex internal care, 2013:</subfield>
    <subfield code="b">t.p. (Richard Češka) t.p. verso (prof MUDr Richard Češka, CSc., FACP, FEFIM)</subfield>
  </datafield>
  <datafield tag="670" ind1=" " ind2=" ">
    <subfield code="a">VIAF, Oct. 17, 2014</subfield>
    <subfield code="b">(hdg.: Češka, Richard,‏ ‎1957- )</subfield>
  </datafield>
</record>